@misc{Liu21,
Author = {Pengfei Liu and Weizhe Yuan and Jinlan Fu and Zhengbao Jiang and Hiroaki Hayashi and Graham Neubig},
Title = {Pre-train, Prompt, and Predict: A Systematic Survey of Prompting Methods in Natural Language Processing},
Year = {2021},
Eprint = {arXiv:2107.13586},
}

@misc{Lei22,
Author = {Lei Xu and Yangyi Chen and Ganqu Cui and Hongcheng Gao and Zhiyuan Liu},
Title = {Exploring the Universal Vulnerability of Prompt-based Learning Paradigm},
Year = {2022},
Eprint = {arXiv:2204.05239},
}

@misc{Liu19roberta,
Author = {Yinhan Liu and Myle Ott and Naman Goyal and Jingfei Du and Mandar Joshi and Danqi Chen and Omer Levy and Mike Lewis and Luke Zettlemoyer and Veselin Stoyanov},
Title = {RoBERTa: A Robustly Optimized BERT Pretraining Approach},
Year = {2019},
Eprint = {arXiv:1907.11692},
}

@misc{Wang18glue,
Author = {Alex Wang and Amanpreet Singh and Julian Michael and Felix Hill and Omer Levy and Samuel R. Bowman},
Title = {GLUE: A Multi-Task Benchmark and Analysis Platform for Natural Language Understanding},
Year = {2018},
Eprint = {arXiv:1804.07461},
}

@misc{shin2020autoprompt,
Author = {Taylor Shin and Yasaman Razeghi and Robert L. Logan IV and Eric Wallace and Sameer Singh},
Title = {AutoPrompt: Eliciting Knowledge from Language Models with Automatically Generated Prompts},
Year = {2020},
Eprint = {arXiv:2010.15980},
}

@misc{zhang2021differentiable,
Author = {Ningyu Zhang and Luoqiu Li and Xiang Chen and Shumin Deng and Zhen Bi and Chuanqi Tan and Fei Huang and Huajun Chen},
Title = {Differentiable Prompt Makes Pre-trained Language Models Better Few-shot Learners},
Year = {2021},
Eprint = {arXiv:2108.13161},
}

@inproceedings{Du22,
  title     = {PPT: Backdoor Attacks on Pre-trained Models via Poisoned Prompt Tuning},
  author    = {Du, Wei and Zhao, Yichun and Li, Boqun and Liu, Gongshen and Wang, Shilin},
  booktitle = {Proceedings of the Thirty-First International Joint Conference on
               Artificial Intelligence, {IJCAI-22}},
  publisher = {International Joint Conferences on Artificial Intelligence Organization},
  editor    = {Lud De Raedt},
  pages     = {680--686},
  year      = {2022},
  month     = {7},
  note      = {Main Track},
  doi       = {10.24963/ijcai.2022/96},
  url       = {https://doi.org/10.24963/ijcai.2022/96},
}

@misc{Boucher21,
Author = {Nicholas Boucher and Ilia Shumailov and Ross Anderson and Nicolas Papernot},
Title = {Bad Characters: Imperceptible NLP Attacks},
Year = {2021},
Eprint = {arXiv:2106.09898},
}

@ARTICLE{Bahl83transferlearning,
  author={Bahl, Lalit R. and Jelinek, Frederick and Mercer, Robert L.},
  journal={IEEE Transactions on Pattern Analysis and Machine Intelligence}, 
  title={A Maximum Likelihood Approach to Continuous Speech Recognition}, 
  year={1983},
  volume={PAMI-5},
  number={2},
  pages={179-190},
  doi={10.1109/TPAMI.1983.4767370}
}

@misc{Devlin18BERT,
Author = {Jacob Devlin and Ming-Wei Chang and Kenton Lee and Kristina Toutanova},
Title = {BERT: Pre-training of Deep Bidirectional Transformers for Language Understanding},
Year = {2018},
Eprint = {arXiv:1810.04805},
}

@misc{Brown20fewshot,
Author = {Tom B. Brown and Benjamin Mann and Nick Ryder and Melanie Subbiah and Jared Kaplan and Prafulla Dhariwal and Arvind Neelakantan and Pranav Shyam and Girish Sastry and Amanda Askell and Sandhini Agarwal and Ariel Herbert-Voss and Gretchen Krueger and Tom Henighan and Rewon Child and Aditya Ramesh and Daniel M. Ziegler and Jeffrey Wu and Clemens Winter and Christopher Hesse and Mark Chen and Eric Sigler and Mateusz Litwin and Scott Gray and Benjamin Chess and Jack Clark and Christopher Berner and Sam McCandlish and Alec Radford and Ilya Sutskever and Dario Amodei},
Title = {Language Models are Few-Shot Learners},
Year = {2020},
Eprint = {arXiv:2005.14165},
}

@misc{Madotto21manual,
Author = {Andrea Madotto and Zhaojiang Lin and Genta Indra Winata and Pascale Fung},
Title = {Few-Shot Bot: Prompt-Based Learning for Dialogue Systems},
Year = {2021},
Eprint = {arXiv:2110.08118},
}

@inproceedings{Radford19LanguageMA,
  title={Language Models are Unsupervised Multitask Learners},
  author={Alec Radford and Jeff Wu and Rewon Child and David Luan and Dario Amodei and Ilya Sutskever},
  year={2019}
}

@inproceedings{petroni19languageKB,
    title = "Language Models as Knowledge Bases?",
    author = {Petroni, Fabio  and
      Rockt{\"a}schel, Tim  and
      Riedel, Sebastian  and
      Lewis, Patrick  and
      Bakhtin, Anton  and
      Wu, Yuxiang  and
      Miller, Alexander},
    booktitle = "Proceedings of the 2019 Conference on Empirical Methods in Natural Language Processing and the 9th International Joint Conference on Natural Language Processing (EMNLP-IJCNLP)",
    month = nov,
    year = "2019",
    address = "Hong Kong, China",
    publisher = "Association for Computational Linguistics",
    url = "https://aclanthology.org/D19-1250",
    doi = "10.18653/v1/D19-1250",
    pages = "2463--2473",
    abstract = "",
}

@misc{Gao20PM,
Author = {Tianyu Gao and Adam Fisch and Danqi Chen},
Title = {Making Pre-trained Language Models Better Few-shot Learners},
Year = {2020},
Eprint = {arXiv:2012.15723},
}

@misc{Ben-David21Auto,
Author = {Eyal Ben-David and Nadav Oved and Roi Reichart},
Title = {PADA: Example-based Prompt Learning for on-the-fly Adaptation to Unseen Domains},
Year = {2021},
Eprint = {arXiv:2102.12206},
}

@misc{Lester21hz,
Author = {Brian Lester and Rami Al-Rfou and Noah Constant},
Title = {The Power of Scale for Parameter-Efficient Prompt Tuning},
Year = {2021},
Eprint = {arXiv:2104.08691},
}

@misc{Vu21SPoT,
Author = {Tu Vu and Brian Lester and Noah Constant and Rami Al-Rfou and Daniel Cer},
Title = {SPoT: Better Frozen Model Adaptation through Soft Prompt Transfer},
Year = {2021},
Eprint = {arXiv:2110.07904},
}

@misc{Schick20yc,
Author = {Timo Schick and Hinrich Schütze},
Title = {Exploiting Cloze Questions for Few Shot Text Classification and Natural Language Inference},
Year = {2020},
Eprint = {arXiv:2001.07676},
}

@misc{Schick21auto,
Author = {Timo Schick and Hinrich Schütze},
Title = {True Few-Shot Learning with Prompts -- A Real-World Perspective},
Year = {2021},
Eprint = {arXiv:2111.13440},
}

@misc{Gu17BadNets,
Author = {Tianyu Gu and Brendan Dolan-Gavitt and Siddharth Garg},
Title = {BadNets: Identifying Vulnerabilities in the Machine Learning Model Supply Chain},
Year = {2017},
Eprint = {arXiv:1708.06733},
}

@misc{Li21backdoorsoft,
Author = {Linyang Li and Demin Song and Xiaonan Li and Jiehang Zeng and Ruotian Ma and Xipeng Qiu},
Title = {Backdoor Attacks on Pre-trained Models by Layerwise Weight Poisoning},
Year = {2021},
Eprint = {arXiv:2108.13888},
}

@misc{Raffel19PLM,
Author = {Colin Raffel and Noam Shazeer and Adam Roberts and Katherine Lee and Sharan Narang and Michael Matena and Yanqi Zhou and Wei Li and Peter J. Liu},
Title = {Exploring the Limits of Transfer Learning with a Unified Text-to-Text Transformer},
Year = {2019},
Eprint = {arXiv:1910.10683},
}

@article{chowdhary20nlp,
  title={Natural language processing},
  author={Chowdhary, KR1442 and Chowdhary, KR},
  journal={Fundamentals of artificial intelligence},
  pages={603--649},
  year={2020},
  publisher={Springer}
}

@BOOK{Vajjala20nlp,
  TITLE = {Practical Natural Language Processing},
  SUBTITLE = {A Comprehensive Guide to Building Real-World NLP Systems},
  AUTHOR = {Sowmya Vajjala and Bodhisattwa P. Majumder and Anuj Gupta and Harshit Surana},
  YEAR = {2020},
  PUBLISHER = {O'Reilly Media},
}

@article{Haddi13textpreprocess,
title = {The Role of Text Pre-processing in Sentiment Analysis},
journal = {Procedia Computer Science},
volume = {17},
pages = {26-32},
year = {2013},
note = {First International Conference on Information Technology and Quantitative Management},
issn = {1877-0509},
doi = {https://doi.org/10.1016/j.procs.2013.05.005},
url = {https://www.sciencedirect.com/science/article/pii/S1877050913001385},
author = {Emma Haddi and Xiaohui Liu and Yong Shi},
keywords = {Sentiment Analysis, Text Pre-processing, Feature Selection, Chi Squared, SVM},
abstract = {}
}

@Inbook{Grefenstette99token,
author="Grefenstette, Gregory",
editor="van Halteren, Hans",
title="Tokenization",
bookTitle="Syntactic Wordclass Tagging",
year="1999",
publisher="Springer Netherlands",
address="Dordrecht",
pages="117--133",
abstract="",
isbn="978-94-015-9273-4",
doi="10.1007/978-94-015-9273-4_9",
url="https://doi.org/10.1007/978-94-015-9273-4_9"
}

@misc{Almeida19wordembedding,
Author = {Felipe Almeida and Geraldo Xexéo},
Title = {Word Embeddings: A Survey},
Year = {2019},
Eprint = {arXiv:1901.09069},
}

@article{Salton75VSM,
author = {Salton, G. and Wong, A. and Yang, C. S.},
title = {A Vector Space Model for Automatic Indexing},
year = {1975},
issue_date = {Nov. 1975},
publisher = {Association for Computing Machinery},
address = {New York, NY, USA},
volume = {18},
number = {11},
issn = {0001-0782},
url = {https://doi.org/10.1145/361219.361220},
doi = {10.1145/361219.361220},
abstract = {},
journal = {Commun. ACM},
month = {nov},
pages = {613–620},
numpages = {8},
keywords = {document space, automatic information retrieval, content analysis, automatic indexing}
}

@inproceedings{Bengio03NeuralNetworkLM,
  title={A Neural Probabilistic Language Model},
  author={Yoshua Bengio and R{\'e}jean Ducharme and Pascal Vincent and Christian Janvin},
  booktitle={Journal of machine learning research},
  year={2003}
}


@inproceedings{Krizhevsky12CNN,
 author = {Krizhevsky, Alex and Sutskever, Ilya and Hinton, Geoffrey E},
 booktitle = {Advances in Neural Information Processing Systems},
 editor = {F. Pereira and C.J. Burges and L. Bottou and K.Q. Weinberger},
 pages = {},
 publisher = {Curran Associates, Inc.},
 title = {ImageNet Classification with Deep Convolutional Neural Networks},
 url = {https://proceedings.neurips.cc/paper/2012/file/c399862d3b9d6b76c8436e924a68c45b-Paper.pdf},
 volume = {25},
 year = {2012}
}

@article{Qiu20PLM,
Author = {Xipeng Qiu and Tianxiang Sun and Yige Xu and Yunfan Shao and Ning Dai and Xuanjing Huang},
Title = {Pre-trained Models for Natural Language Processing: A Survey},
Year = {2020},
Eprint = {arXiv:2003.08271},
Journal = {SCIENCE CHINA Technological Sciences,2020, 63, 1872-1897},
Doi = {10.1007/s11431-020-1647-3},
}

@misc{Petroni19Cloze,
Author = {Fabio Petroni and Tim Rocktäschel and Patrick Lewis and Anton Bakhtin and Yuxiang Wu and Alexander H. Miller and Sebastian Riedel},
Title = {Language Models as Knowledge Bases?},
Year = {2019},
Eprint = {arXiv:1909.01066},
}

@misc{Cui21Cloze,
Author = {Leyang Cui and Yu Wu and Jian Liu and Sen Yang and Yue Zhang},
Title = {Template-Based Named Entity Recognition Using BART},
Year = {2021},
Eprint = {arXiv:2106.01760},
}

@article{jiang20Auto,
    title = "How Can We Know What Language Models Know?",
    author = "Jiang, Zhengbao  and
      Xu, Frank F.  and
      Araki, Jun  and
      Neubig, Graham",
    journal = "Transactions of the Association for Computational Linguistics",
    volume = "8",
    year = "2020",
    address = "Cambridge, MA",
    publisher = "MIT Press",
    url = "https://aclanthology.org/2020.tacl-1.28",
    doi = "10.1162/tacl_a_00324",
    pages = "423--438",
    abstract = "",
}

@misc{Shin21Auto,
Author = {Richard Shin and Christopher H. Lin and Sam Thomson and Charles Chen and Subhro Roy and Emmanouil Antonios Platanios and Adam Pauls and Dan Klein and Jason Eisner and Benjamin Van Durme},
Title = {Constrained Language Models Yield Few-Shot Semantic Parsers},
Year = {2021},
Eprint = {arXiv:2104.08768},
}

@inproceedings{Yuan21Auto,
 author = {Yuan, Weizhe and Neubig, Graham and Liu, Pengfei},
 booktitle = {Advances in Neural Information Processing Systems},
 editor = {M. Ranzato and A. Beygelzimer and Y. Dauphin and P.S. Liang and J. Wortman Vaughan},
 pages = {27263--27277},
 publisher = {Curran Associates, Inc.},
 title = {BARTScore: Evaluating Generated Text as Text Generation},
 url = {https://proceedings.neurips.cc/paper/2021/file/e4d2b6e6fdeca3e60e0f1a62fee3d9dd-Paper.pdf},
 volume = {34},
 year = {2021}
}

@inproceedings{wallace19Gradientsearch,
    title = "Universal Adversarial Triggers for Attacking and Analyzing {NLP}",
    author = "Wallace, Eric  and
      Feng, Shi  and
      Kandpal, Nikhil  and
      Gardner, Matt  and
      Singh, Sameer",
    booktitle = "Proceedings of the 2019 Conference on Empirical Methods in Natural Language Processing and the 9th International Joint Conference on Natural Language Processing (EMNLP-IJCNLP)",
    month = nov,
    year = "2019",
    address = "Hong Kong, China",
    publisher = "Association for Computational Linguistics",
    url = "https://aclanthology.org/D19-1221",
    doi = "10.18653/v1/D19-1221",
    pages = "2153--2162",
    abstract = "",
}

@article{Ebrahimi17HotFlip,
Author = {Javid Ebrahimi and Anyi Rao and Daniel Lowd and Dejing Dou},
Title = {HotFlip: White-Box Adversarial Examples for Text Classification},
Year = {2017},
Eprint = {arXiv:1712.06751},
Journal = {ACL 2018},
}

@misc{Wolf19hugtransf,
Author = {Thomas Wolf and Lysandre Debut and Victor Sanh and Julien Chaumond and Clement Delangue and Anthony Moi and Pierric Cistac and Tim Rault and Rémi Louf and Morgan Funtowicz and Joe Davison and Sam Shleifer and Patrick von Platen and Clara Ma and Yacine Jernite and Julien Plu and Canwen Xu and Teven Le Scao and Sylvain Gugger and Mariama Drame and Quentin Lhoest and Alexander M. Rush},
Title = {HuggingFace's Transformers: State-of-the-art Natural Language Processing},
Year = {2019},
Eprint = {arXiv:1910.03771},
}

@misc{Bahdanau14attention,
Author = {Dzmitry Bahdanau and Kyunghyun Cho and Yoshua Bengio},
Title = {Neural Machine Translation by Jointly Learning to Align and Translate},
Year = {2014},
Eprint = {arXiv:1409.0473},
}

@misc{Cho14EncDec,
Author = {Kyunghyun Cho and Bart van Merrienboer and Caglar Gulcehre and Dzmitry Bahdanau and Fethi Bougares and Holger Schwenk and Yoshua Bengio},
Title = {Learning Phrase Representations using RNN Encoder-Decoder for Statistical Machine Translation},
Year = {2014},
Eprint = {arXiv:1406.1078},
}

@article{Yann15dnn,
author = {LeCun, Yann and Bengio, Y. and Hinton, Geoffrey},
year = {2015},
month = {05},
pages = {436-44},
title = {Deep Learning},
volume = {521},
journal = {Nature},
doi = {10.1038/nature14539}
}

@misc{Merity16wikitext,
Author = {Stephen Merity and Caiming Xiong and James Bradbury and Richard Socher},
Title = {Pointer Sentinel Mixture Models},
Year = {2016},
Eprint = {arXiv:1609.07843},
}

@inproceedings{Metsis06EnronSpam,
  title={Spam Filtering with Naive Bayes - Which Naive Bayes?},
  author={Vangelis Metsis and Ion Androutsopoulos and Georgios Paliouras},
  booktitle={International Conference on Email and Anti-Spam},
  year={2006}
}

@misc{Davidson17THO,
Author = {Thomas Davidson and Dana Warmsley and Michael Macy and Ingmar Weber},
Title = {Automated Hate Speech Detection and the Problem of Offensive Language},
Year = {2017},
Eprint = {arXiv:1703.04009},
}

@misc{zhang21diveDNN,
Author = {Aston Zhang and Zachary C. Lipton and Mu Li and Alexander J. Smola},
Title = {Dive into Deep Learning},
Year = {2021},
Eprint = {arXiv:2106.11342},
}

@Article{Harris20NumPy,
 title         = {Array programming with {NumPy}},
 author        = {Charles R. Harris and K. Jarrod Millman and St{\'{e}}fan J.
                 van der Walt and Ralf Gommers and Pauli Virtanen and David
                 Cournapeau and Eric Wieser and Julian Taylor and Sebastian
                 Berg and Nathaniel J. Smith and Robert Kern and Matti Picus
                 and Stephan Hoyer and Marten H. van Kerkwijk and Matthew
                 Brett and Allan Haldane and Jaime Fern{\'{a}}ndez del
                 R{\'{i}}o and Mark Wiebe and Pearu Peterson and Pierre
                 G{\'{e}}rard-Marchant and Kevin Sheppard and Tyler Reddy and
                 Warren Weckesser and Hameer Abbasi and Christoph Gohlke and
                 Travis E. Oliphant},
 year          = {2020},
 month         = sep,
 journal       = {Nature},
 volume        = {585},
 number        = {7825},
 pages         = {357--362},
 doi           = {10.1038/s41586-020-2649-2},
 publisher     = {Springer Science and Business Media {LLC}},
 url           = {https://doi.org/10.1038/s41586-020-2649-2}
}

@inproceedings{mckinney10Pandas,
  title={Data structures for statistical computing in python},
  author={McKinney, Wes and others},
  booktitle={Proceedings of the 9th Python in Science Conference},
  volume={445},
  pages={51--56},
  year={2010},
  organization={Austin, TX}
}

@Article{Hunter07Matplotlib,
  Author    = {Hunter, J. D.},
  Title     = {Matplotlib: A 2D graphics environment},
  Journal   = {Computing in Science \& Engineering},
  Volume    = {9},
  Number    = {3},
  Pages     = {90--95},
  abstract  = {Matplotlib is a 2D graphics package used for Python for
  application development, interactive scripting, and publication-quality
  image generation across user interfaces and operating systems.},
  publisher = {IEEE COMPUTER SOC},
  doi       = {10.1109/MCSE.2007.55},
  year      = 2007
}

@incollection{Paszke19PyTorch,
title = {PyTorch: An Imperative Style, High-Performance Deep Learning Library},
author = {Paszke, Adam and Gross, Sam and Massa, Francisco and Lerer, Adam and Bradbury, James and Chanan, Gregory and Killeen, Trevor and Lin, Zeming and Gimelshein, Natalia and Antiga, Luca and Desmaison, Alban and Kopf, Andreas and Yang, Edward and DeVito, Zachary and Raison, Martin and Tejani, Alykhan and Chilamkurthy, Sasank and Steiner, Benoit and Fang, Lu and Bai, Junjie and Chintala, Soumith},
booktitle = {Advances in Neural Information Processing Systems 32},
pages = {8024--8035},
year = {2019},
publisher = {Curran Associates, Inc.},
url = {http://papers.neurips.cc/paper/9015-pytorch-an-imperative-style-high-performance-deep-learning-library.pdf}
}

@misc{Falcon19PL,
author="Falcon, WA",
title="Pytorch lightning",
journal="GitHub",
year="2019",
volume="3",
URL="https://cir.nii.ac.jp/crid/1370013168774120069"
}

@misc{MITLicense,
  title    = {MIT license},
  author   = {},
  year     = {},
  month    = {},
  note     = {},
  url      = {https://opensource.org/license/mit/},
  urldate  = {}
}

@misc{OSI,
  title    = {OSI approved licenses},
  author   = {},
  year     = {},
  month    = {},
  note     = {},
  url      = {https://opensource.org/license},
  urldate  = {}
}

@software{michael17SEABORN,
  author       = {Michael Waskom and
                  Olga Botvinnik and
                  Drew O'Kane and
                  Paul Hobson and
                  Saulius Lukauskas and
                  David C Gemperline and
                  Tom Augspurger and
                  Yaroslav Halchenko and
                  John B. Cole and
                  Jordi Warmenhoven and
                  Julian de Ruiter and
                  Cameron Pye and
                  Stephan Hoyer and
                  Jake Vanderplas and
                  Santi Villalba and
                  Gero Kunter and
                  Eric Quintero and
                  Pete Bachant and
                  Marcel Martin and
                  Kyle Meyer and
                  Alistair Miles and
                  Yoav Ram and
                  Tal Yarkoni and
                  Mike Lee Williams and
                  Constantine Evans and
                  Clark Fitzgerald and
                  Brian and
                  Chris Fonnesbeck and
                  Antony Lee and
                  Adel Qalieh},
  title        = {mwaskom/seaborn: v0.8.1 (September 2017)},
  month        = sep,
  year         = 2017,
  publisher    = {Zenodo},
  version      = {v0.8.1},
  doi          = {10.5281/zenodo.883859},
  url          = {https://doi.org/10.5281/zenodo.883859}
}

@article{pedregosa11scikit,
  title={Scikit-learn: Machine learning in Python},
  author={Pedregosa, Fabian and Varoquaux, Ga{\"e}l and Gramfort, Alexandre and Michel, Vincent and Thirion, Bertrand and Grisel, Olivier and Blondel, Mathieu and Prettenhofer, Peter and Weiss, Ron and Dubourg, Vincent and others},
  journal={Journal of machine learning research},
  volume={12},
  number={Oct},
  pages={2825--2830},
  year={2011}
}

@article{Detlefsen22torchmetrics, 
doi = {10.21105/joss.04101}, 
url = {https://doi.org/10.21105/joss.04101}, 
year = {2022}, 
publisher = {The Open Journal}, 
volume = {7}, 
number = {70}, 
pages = {4101}, 
author = {Nicki Skafte Detlefsen and Jiri Borovec and Justus Schock and Ananya Harsh Jha and Teddy Koker and Luca Di Liello and Daniel Stancl and Changsheng Quan and Maxim Grechkin and William Falcon}, 
title = {TorchMetrics - Measuring Reproducibility in PyTorch}, 
journal = {Journal of Open Source Software} 
}

@inproceedings{lhoest21datasets,
    title = "Datasets: A Community Library for Natural Language Processing",
    author = "Lhoest, Quentin  and
      Villanova del Moral, Albert  and
      Jernite, Yacine  and
      Thakur, Abhishek  and
      von Platen, Patrick  and
      Patil, Suraj  and
      Chaumond, Julien  and
      Drame, Mariama  and
      Plu, Julien  and
      Tunstall, Lewis  and
      Davison, Joe  and
      {\v{S}}a{\v{s}}ko, Mario  and
      Chhablani, Gunjan  and
      Malik, Bhavitvya  and
      Brandeis, Simon  and
      Le Scao, Teven  and
      Sanh, Victor  and
      Xu, Canwen  and
      Patry, Nicolas  and
      McMillan-Major, Angelina  and
      Schmid, Philipp  and
      Gugger, Sylvain  and
      Delangue, Cl{\'e}ment  and
      Matussi{\`e}re, Th{\'e}o  and
      Debut, Lysandre  and
      Bekman, Stas  and
      Cistac, Pierric  and
      Goehringer, Thibault  and
      Mustar, Victor  and
      Lagunas, Fran{\c{c}}ois  and
      Rush, Alexander  and
      Wolf, Thomas",
    booktitle = "Proceedings of the 2021 Conference on Empirical Methods in Natural Language Processing: System Demonstrations",
    month = nov,
    year = "2021",
    address = "Online and Punta Cana, Dominican Republic",
    publisher = "Association for Computational Linguistics",
    url = "https://aclanthology.org/2021.emnlp-demo.21",
    pages = "175--184",
    abstract = "",
    eprint={2109.02846},
    archivePrefix={arXiv},
    primaryClass={cs.CL},
}

@misc{anaconda20pack,
  title={Anaconda Software Distribution},
  url={https://docs.anaconda.com/},
  journal={Anaconda Documentation},
  version={Vers. 2-2.4.0}, 
  publisher={Anaconda Inc.},
  year={2020}
}

@article{wilson06git,
    author =  {Greg Wilson},
    title =   {Software Carpentry: Getting Scientists to Write Better Code by Making Them More Productive},
    journal = {Computing in Science \& Engineering},
    month =   {November--December},
    year =    {2006},
}

@Manual{arrow23,
  title = {arrow: Integration to `Apache' `Arrow'},
  author = {Neal Richardson and Ian Cook and Nic Crane and Dewey Dunnington and Romain François and Jonathan Keane and Dragoș Moldovan-Grünfeld and Jeroen Ooms and {Apache Arrow}},
  year = {2023},
  url = {https://github.com/apache/arrow/},
}

@misc{ilya17adamw,
Author = {Ilya Loshchilov and Frank Hutter},
Title = {Decoupled Weight Decay Regularization},
Year = {2017},
Eprint = {arXiv:1711.05101},
}

@article{Zhang05early,
Author = {Tong Zhang and Bin Yu},
Title = {Boosting with early stopping: Convergence and consistency},
Year = {2005},
Eprint = {arXiv:math/0508276},
Journal = {Annals of Statistics 2005, Vol. 33, No. 4, 1538-1579},
Doi = {10.1214/009053605000000255},
}

@misc{Bach22OPP,
Author = {Stephen H. Bach and Victor Sanh and Zheng-Xin Yong and Albert Webson and Colin Raffel and Nihal V. Nayak and Abheesht Sharma and Taewoon Kim and M Saiful Bari and Thibault Fevry and Zaid Alyafeai and Manan Dey and Andrea Santilli and Zhiqing Sun and Srulik Ben-David and Canwen Xu and Gunjan Chhablani and Han Wang and Jason Alan Fries and Maged S. Al-shaibani and Shanya Sharma and Urmish Thakker and Khalid Almubarak and Xiangru Tang and Dragomir Radev and Mike Tian-Jian Jiang and Alexander M. Rush},
Title = {PromptSource: An Integrated Development Environment and Repository for Natural Language Prompts},
Year = {2022},
Eprint = {arXiv:2202.01279},
}

@misc{pytest2004,
  title =        {pytest x.y},
  author = {Krekel, Holger and Oliveira, Bruno and Pfannschmidt, Ronny and Bruynooghe, Floris and Laugher, Brianna and Bruhin, Florian},
  year =         {2004},
  url = {https://github.com/pytest-dev/pytest},
}

@article{FeiFei06Oneshot,
  title={One-shot learning of object categories},
  author={Li Fei-Fei and Rob Fergus and Pietro Perona},
  journal={IEEE Transactions on Pattern Analysis and Machine Intelligence},
  year={2006},
  volume={28},
  pages={594-611}
}

@article{Raffel20t5,
  author  = {Colin Raffel and Noam Shazeer and Adam Roberts and Katherine Lee and Sharan Narang and Michael Matena and Yanqi Zhou and Wei Li and Peter J. Liu},
  title   = {Exploring the Limits of Transfer Learning with a Unified Text-to-Text Transformer},
  journal = {Journal of Machine Learning Research},
  year    = {2020},
  volume  = {21},
  number  = {140},
  pages   = {1-67},
  url     = {http://jmlr.org/papers/v21/20-074.html}
}

@misc{Cai22badprompt,
Author = {Xiangrui Cai and Haidong Xu and Sihan Xu and Ying Zhang and Xiaojie Yuan},
Title = {BadPrompt: Backdoor Attacks on Continuous Prompts},
Year = {2022},
Eprint = {arXiv:2211.14719},
}

@misc{Carlini23webscalepoison,
Author = {Nicholas Carlini and Matthew Jagielski and Christopher A. Choquette-Choo and Daniel Paleka and Will Pearce and Hyrum Anderson and Andreas Terzis and Kurt Thomas and Florian Tramèr},
Title = {Poisoning Web-Scale Training Datasets is Practical},
Year = {2023},
Eprint = {arXiv:2302.10149},
}